@article{AguilarSavn2004,
  doi = {10.1016/s0925-5273(03)00102-6},
  url = {https://doi.org/10.1016/s0925-5273(03)00102-6},
  year = {2004},
  month = jul,
  publisher = {Elsevier {BV}},
  volume = {90},
  number = {2},
  pages = {129--149},
  author = {R. S. Aguilar-Sav{\'{e}}n},
  title = {Business process modelling: Review and framework},
  journal = {International Journal of Production Economics}
}

@article{Davydova,
  year = {2021},
  month = dec,
  day = 7,
  author = {G. A. Davydova{,} translated by H. G. Gräbe},
  title = {Biography of {G}. {P}. {S}hchedrovitsky},
}

@article{Rindzeviit2015,
  doi = {10.4000/monderusse.8169},
  url = {https://doi.org/10.4000/monderusse.8169},
  year = {2015},
  month = jan,
  publisher = {{OpenEdition}},
  volume = {56},
  number = {1},
  pages = {111--134},
  author = {E. Rindzevi{\v{c}}i{\={u}}t{\.{e}}},
  title = {The future as an intellectual technology in the Soviet Union},
  journal = {Cahiers du monde russe}
}

@article{Naumov,
  url = {https://web.archive.org/web/20170901160049/http://www.fondgp.ru/lib/collections/archive/ing/0},
  year = {1987},
  volume = {4},
  author = {S. B. Naumov{,} translated by M. Chumakin},
  title = {Organizational-activity Games},
  journal = {Nature (Priroda)}
}

@article{Gosplan,
  title        = {Gosplan},
  journal 	   = {The Great Soviet Encyclopedia},
  author       = {The Gale Group{,} Inc.},
  year         = 1979,
  note         = {\url{https://encyclopedia2.thefreedictionary.com/Gosplan}, Accessed: 2022-03-29}
}

@article{Wiener,
 ISSN = {00368733, 19467087},
 URL = {http://www.jstor.org/stable/24945913},
 author = {N. Wiener},
 journal = {Scientific American},
 number = {5},
 pages = {14--19},
 publisher = {Scientific American, a division of Nature America, Inc.},
 title = {CYBERNETICS},
 volume = {179},
 year = {1948}
}

@article{Beer,
	year = 2008,
	month = oct,
	author = {B. Beer},
	title = {„Methode“, „Methodik“ und „Methodologie“ in der Ethnologie},
	publisher = {Uiversität Hamburg},
	journal = {EthnoScripts}
}

@article{Principles,
  year = {1981},
  author = {G. P. Shchedrovitsky{,} translated by H. G. Gräbe},
  title = {Principles and General Scheme of the Methodological Organization of System-Structural Research and Development},  
}

@inproceedings{Maracha2018,
  doi = {10.33278/sae-2018.eng.269-272},
  url = {https://doi.org/10.33278/sae-2018.eng.269-272},
  year = {2018},
  publisher = {Prometheus publishing house},
  author = {V. Maracha},
  title = {Systems thinking and collective problem solving practices},
  booktitle = {System analysis in economics {\textendash} 2018: Proceedings of the V International research and practice conference{\textendash}biennale (21{\textendash}23 november 2018)}
}

@article{GraebeSystems,
  year = {2021},
  month = oct,
  author = {H. G. Gräbe},
  title = {Systems and their Development},
  journal = {Modelling Sustainable Systems and Semantic Web}
}

@BOOK{MSM,
  title     = {Methodological School of Management},
  author    = {V. B. Khristenko{,} A. G. Reus{,} A. P. Zinchenko},
  publisher = {Bloomsbury Information},
  month     =  jul,
  year      =  2014,
}

@article{GraebeTechnology,
  year = {2021},
  month = oct,
  author = {H. G. Gräbe},
  title = {Technology},
  journal = {Modelling Sustainable Systems and Semantic Web}
}

@article{GraebeManagement,
  year = {2021},
  month = nov,
  author = {H. G. Gräbe},
  title = {{Supply Chains and SCOR – the Supply Chain Operations Reference Model}},
  journal = {Modelling Sustainable Systems and Semantic Web}
}

@article{Brunnen,
  year = {1989},
  month = dec,
  author = {C. ZumBrunnen},
  title = {{An Organizational-Activity Game in the Soviet Union: personal reflections of an american participant-observer}},
  journal = {University of Washington}
}